@article{Domcke:2020kcp_Generic_Couplings,
    author = "Domcke, Valerie and Ema, Yohei and Mukaida, Kyohei and Yamada, Masaki",
    title = "{Spontaneous Baryogenesis from Axions with Generic Couplings}",
    eprint = "2006.03148",
    archivePrefix = "arXiv",
    primaryClass = "hep-ph",
    reportNumber = "DESY 20-100, DESY-20-100, CERN-TH-2020-088, TU-1102",
    doi = "10.1007/JHEP08(2020)096",
    journal = "JHEP",
    volume = "08",
    pages = "096",
    year = "2020"
}

@article{HOSOYA1984229,
title = {Nonequilibrium thermodynamics in field theory: Transport coefficients},
journal = {Annals of Physics},
volume = {154},
number = {1},
pages = {229-252},
year = {1984},
issn = {0003-4916},
doi = {https://doi.org/10.1016/0003-4916(84)90144-1},
url = {https://www.sciencedirect.com/science/article/pii/0003491684901441},
author = {Akio Hosoya and Masa-aki Sakagami and Masaru Takao},
abstract = {Transport coefficients are expressed by real time correlation functions of energy-momentum tensor in the linear response approximation. We establish field theoretical method to compute them in perturbation theory, which is demonstrated in λϕ4 theory.}
}

@article{Di_Luzio_2020_Landscape_of_QCD_Axion_models,
   title={The landscape of QCD axion models},
   volume={870},
   ISSN={0370-1573},
   url={http://dx.doi.org/10.1016/j.physrep.2020.06.002},
   DOI={10.1016/j.physrep.2020.06.002},
   journal={Physics Reports},
   publisher={Elsevier BV},
   author={Di Luzio, Luca and Giannotti, Maurizio and Nardi, Enrico and Visinelli, Luca},
   year={2020},
   month={Jul},
   pages={1–117}
}

@inproceedings{Cline:2006ts_Baryogenesis,
    author = "Cline, James M.",
    title = "{Baryogenesis}",
    booktitle = "{Les Houches Summer School - Session 86: Particle Physics and Cosmology: The Fabric of Spacetime}",
    eprint = "hep-ph/0609145",
    archivePrefix = "arXiv",
    month = "9",
    year = "2006"
}

@article{Shi_2015_Basis_Invariance_chemical_equilibrium,
   title={Basis invariant description of chemical equilibrium with implications for a recent axionic leptogenesis model},
   volume={92},
   ISSN={1550-2368},
   url={http://dx.doi.org/10.1103/PhysRevD.92.085008},
   DOI={10.1103/physrevd.92.085008},
   number={8},
   journal={Physical Review D},
   publisher={American Physical Society (APS)},
   author={Shi, Bowen and Raby, Stuart},
   year={2015},
   month={Oct}
}


@article{Kusenko_2015_Axion_Leptogenesis,
   title={Leptogenesis via Axion Oscillations after Inflation},
   volume={115},
   ISSN={1079-7114},
   url={http://dx.doi.org/10.1103/PhysRevLett.115.011302},
   DOI={10.1103/physrevlett.115.011302},
   number={1},
   journal={Physical Review Letters},
   publisher={American Physical Society (APS)},
   author={Kusenko, Alexander and Schmitz, Kai and Yanagida, Tsutomu T.},
   year={2015},
   month={Jul}
}

@article{Co_2020_Kinetic_Misalgnment,
   title={Axion Kinetic Misalignment Mechanism},
   volume={124},
   ISSN={1079-7114},
   url={http://dx.doi.org/10.1103/PhysRevLett.124.251802},
   DOI={10.1103/physrevlett.124.251802},
   number={25},
   journal={Physical Review Letters},
   publisher={American Physical Society (APS)},
   author={Co, Raymond T. and Hall, Lawrence J. and Harigaya, Keisuke},
   year={2020},
   month={Jun}
}

@article{Bae_2019,
   title={Deformation of axion potentials: Implications for spontaneous baryogenesis, dark matter, and isocurvature perturbations},
   volume={99},
   ISSN={2470-0029},
   url={http://dx.doi.org/10.1103/PhysRevD.99.043502},
   DOI={10.1103/physrevd.99.043502},
   number={4},
   journal={Physical Review D},
   publisher={American Physical Society (APS)},
   author={Bae, Kyu Jung and Kost, Jeff and Shin, Chang Sub},
   year={2019},
   month={Feb}
}
