@article{Gorghetto_2018,
   title={Axions from strings: the attractive solution},
   volume={2018},
   ISSN={1029-8479},
   url={http://dx.doi.org/10.1007/JHEP07(2018)151},
   DOI={10.1007/jhep07(2018)151},
   number={7},
   journal={Journal of High Energy Physics},
   publisher={Springer Science and Business Media LLC},
   author={Gorghetto, Marco and Hardy, Edward and Villadoro, Giovanni},
   year={2018},
   month={Jul}
}


@article{Hindmarsh_2021,
    title={Approach to scaling in axion string networks},
    volume={103},
    ISSN={2470-0029},
    url={http://dx.doi.org/10.1103/PhysRevD.103.103534},
    DOI={10.1103/physrevd.103.103534},
    number={10},
    journal={Physical Review D},
    publisher={American Physical Society (APS)},
    author={Hindmarsh, Mark and Lizarraga, Joanes and Lopez-Eiguren, Asier and Urrestilla, Jon},
    year={2021},
    month={May}
}

@article{Gorghetto_2021,
    title={Observing invisible axions with gravitational waves},
    volume={2021},
    ISSN={1475-7516},
    url={http://dx.doi.org/10.1088/1475-7516/2021/06/034},
    DOI={10.1088/1475-7516/2021/06/034},
    number={06},
    journal={Journal of Cosmology and Astroparticle Physics},
    publisher={IOP Publishing},
    author={Gorghetto, Marco and Hardy, Edward and Nicolaescu, Horia},
    year={2021},
    month={Jun},
    pages={034}
}

@article{Zhitnitsky_2021,
    title={Axion quark nuggets. Dark matter and matterâ€“antimatter asymmetry: Theory, observations and future experiments},
    volume={36},
    ISSN={1793-6632},
    url={http://dx.doi.org/10.1142/S0217732321300172},
    DOI={10.1142/s0217732321300172},
    number={18},
    journal={Modern Physics Letters A},
    publisher={World Scientific Pub Co Pte Lt},
    author={Zhitnitsky, Ariel},
    year={2021},
    month={May},
    pages={2130017}
}

@article{Budker_2020,
    title={Axion quark nuggets and how a global network can discover them},
    volume={101},
    ISSN={2470-0029},
    url={http://dx.doi.org/10.1103/PhysRevD.101.043012},
    DOI={10.1103/physrevd.101.043012},
    number={4},
    journal={Physical Review D},
    publisher={American Physical Society (APS)},
    author={Budker, Dmitry and Flambaum, Victor V. and Liang, Xunyu and Zhitnitsky, Ariel},
    year={2020},
    month={Feb}
}
