@article{planck2018,
	author = "Aghanim, N. and others",
	collaboration = "Planck",
	title = "{Planck 2018 results. VI. Cosmological parameters}",
	eprint = "1807.06209",
	archivePrefix = "arXiv",
	primaryClass = "astro-ph.CO",
	doi = "10.1051/0004-6361/201833910",
	journal = "Astron. Astrophys.",
	volume = "641",
	pages = "A6",
	year = "2020",
	note = "[Erratum: Astron.Astrophys. 652, C4 (2021)]"
}

@article{general_cont_clockwork_Choi_2018,
	doi = {10.1007/jhep07(2018)113},
	url = {https://doi.org/10.1007%2Fjhep07%282018%29113},
	year = 2018,
	month = {jul},
	publisher = {Springer Science and Business Media {LLC}},
	volume = {2018},
	number = {7},
	author = {Kiwoon Choi and Sang Hui Im and Chang Sub Shin},
	title = {General continuum clockwork},
	journal = {Journal of High Energy Physics}
}

@article{early_scalar_field_dynamics_PhysRevD.84.123506,
	title = {Non-Gaussianity from curvatons revisited},
	author = {Kawasaki, Masahiro and Kobayashi, Takeshi and Takahashi, Fuminobu},
	journal = {Phys. Rev. D},
	volume = {84},
	issue = {12},
	pages = {123506},
	numpages = {19},
	year = {2011},
	month = {Dec},
	publisher = {American Physical Society},
	doi = {10.1103/PhysRevD.84.123506},
	url = {https://link.aps.org/doi/10.1103/PhysRevD.84.123506}
}

@article{MarshAxionCosmo,
	author         = "Marsh, David J. E.",
	title          = "{Axion Cosmology}",
	journal        = "Phys. Rept.",
	volume         = "643",
	year           = "2016",
	pages          = "1-79",
	doi            = "10.1016/j.physrep.2016.06.005",
	eprint         = "1510.07633",
	archivePrefix  = "arXiv",
	primaryClass   = "astro-ph.CO",
	reportNumber   = "KCL-PH-TH-2015-50",
	SLACcitation   = "%%CITATION = ARXIV:1510.07633;%%"
}

@article{Domcke:2020kcp_Generic_Couplings,
    author = "Domcke, Valerie and Ema, Yohei and Mukaida, Kyohei and Yamada, Masaki",
    title = "{Spontaneous Baryogenesis from Axions with Generic Couplings}",
    eprint = "2006.03148",
    archivePrefix = "arXiv",
    primaryClass = "hep-ph",
    reportNumber = "DESY 20-100, DESY-20-100, CERN-TH-2020-088, TU-1102",
    doi = "10.1007/JHEP08(2020)096",
    journal = "JHEP",
    volume = "08",
    pages = "096",
    year = "2020"
}

@article{HOSOYA1984229,
title = {Nonequilibrium thermodynamics in field theory: Transport coefficients},
journal = {Annals of Physics},
volume = {154},
number = {1},
pages = {229-252},
year = {1984},
issn = {0003-4916},
doi = {https://doi.org/10.1016/0003-4916(84)90144-1},
url = {https://www.sciencedirect.com/science/article/pii/0003491684901441},
author = {Akio Hosoya and Masa-aki Sakagami and Masaru Takao},
abstract = {Transport coefficients are expressed by real time correlation functions of energy-momentum tensor in the linear response approximation. We establish field theoretical method to compute them in perturbation theory, which is demonstrated in λϕ4 theory.}
}

@article{Di_Luzio_2020_Landscape_of_QCD_Axion_models,
   title={The landscape of QCD axion models},
   volume={870},
   ISSN={0370-1573},
   url={http://dx.doi.org/10.1016/j.physrep.2020.06.002},
   DOI={10.1016/j.physrep.2020.06.002},
   journal={Physics Reports},
   publisher={Elsevier BV},
   author={Di Luzio, Luca and Giannotti, Maurizio and Nardi, Enrico and Visinelli, Luca},
   year={2020},
   month={Jul},
   pages={1–117}
}

@article{Shi_2015_Basis_Invariance_chemical_equilibrium,
   title={Basis invariant description of chemical equilibrium with implications for a recent axionic leptogenesis model},
   volume={92},
   ISSN={1550-2368},
   url={http://dx.doi.org/10.1103/PhysRevD.92.085008},
   DOI={10.1103/physrevd.92.085008},
   number={8},
   journal={Physical Review D},
   publisher={American Physical Society (APS)},
   author={Shi, Bowen and Raby, Stuart},
   year={2015},
   month={Oct}
}


@article{Kusenko_2015_Axion_Leptogenesis,
   title={Leptogenesis via Axion Oscillations after Inflation},
   volume={115},
   ISSN={1079-7114},
   url={http://dx.doi.org/10.1103/PhysRevLett.115.011302},
   DOI={10.1103/physrevlett.115.011302},
   number={1},
   journal={Physical Review Letters},
   publisher={American Physical Society (APS)},
   author={Kusenko, Alexander and Schmitz, Kai and Yanagida, Tsutomu T.},
   year={2015},
   month={Jul}
}

@article{Deformed_potential_Bae_2019,
   title={Deformation of axion potentials: Implications for spontaneous baryogenesis, dark matter, and isocurvature perturbations},
   volume={99},
   ISSN={2470-0029},
   url={http://dx.doi.org/10.1103/PhysRevD.99.043502},
   DOI={10.1103/physrevd.99.043502},
   number={4},
   journal={Physical Review D},
   publisher={American Physical Society (APS)},
   author={Bae, Kyu Jung and Kost, Jeff and Shin, Chang Sub},
   year={2019},
   month={Feb}
}

@article{Sakharov_1991,
	doi = {10.1070/pu1991v034n05abeh002497},
	url = {https://doi.org/10.1070/pu1991v034n05abeh002497},
	year = 1991,
	month = {may},
	publisher = {{IOP} Publishing},
	volume = {34},
	number = {5},
	pages = {392--393},
	author = {Andrei D Sakharov},
	title = {Violation {ofCPin} variance,Casymmetry, and baryon asymmetry of the universe},
	journal = {Soviet Physics Uspekhi},
	abstract = {}
}

@book{the_early_universe_kolb_and_turner,
	title     = "The Early Universe",
	author    = "Kolb, Edward W. and Michael S., Turner",
	year      = 1990,
	publisher = "Addison-Wesley",
	address   = "Redwood City"
}

@BOOK{aspects_of_symmmetry,
    author = {{Coleman}, Sidney},
    title = "{Aspects of Symmetry}",
    year = 1988,
    adsurl = {https://ui.adsabs.harvard.edu/abs/1988assy.book.....C},
    adsnote = {Provided by the SAO/NASA Astrophysics Data System}
}


@article{analytic_sphaleron_rate_broken_phase_PhysRevD.37.1020,
    title = {The sphaleron strikes back: A response to objections to the sphaleron approximation},
    author = {Arnold, Peter and McLerran, Larry},
    journal = {Phys. Rev. D},
    volume = {37},
    issue = {4},
    pages = {1020--1029},
    numpages = {0},
    year = {1988},
    month = {Feb},
    publisher = {American Physical Society},
    doi = {10.1103/PhysRevD.37.1020},
    url = {https://link.aps.org/doi/10.1103/PhysRevD.37.1020}
}

@article{sphaleron_rate_broken_phase_2_PhysRevD.36.581,
    title = {Sphalerons, small fluctuations, and baryon-number violation in electroweak theory},
    author = {Arnold, Peter and McLerran, Larry},
    journal = {Phys. Rev. D},
    volume = {36},
    issue = {2},
    pages = {581--595},
    numpages = {0},
    year = {1987},
    month = {Jul},
    publisher = {American Physical Society},
    doi = {10.1103/PhysRevD.36.581},
    url = {https://link.aps.org/doi/10.1103/PhysRevD.36.581}
}

@article{sphaleron_rate_symmetric_phase_Moore_2011,
    title={The sphaleron rate in SU(N) gauge theory},
    volume={2011},
    ISSN={1029-8479},
    url={http://dx.doi.org/10.1007/JHEP02(2011)105},
    DOI={10.1007/jhep02(2011)105},
    number={2},
    journal={Journal of High Energy Physics},
    publisher={Springer Science and Business Media LLC},
    author={Moore, Guy D. and Tassler, Marcus},
    year={2011},
    month={Feb}
}


@article{COHEN1987251,
    title = {Thermodynamic generation of the baryon asymmetry},
    journal = {Physics Letters B},
    volume = {199},
    number = {2},
    pages = {251-258},
    year = {1987},
    issn = {0370-2693},
    doi = {https://doi.org/10.1016/0370-2693(87)91369-4},
    url = {https://www.sciencedirect.com/science/article/pii/0370269387913694},
    author = {Andrew G. Cohen and David B. Kaplan},
    abstract = {A new technique for generating the baryon asymmetry of the universe is discussed. By using the natural CPT non-invariance of the universe during its early history, we discuss how a baryon asymmetry can develop while baryon violating interactions are still in thermal equilibrium with respect to an effective hamiltonian. Furthermore, both the ground state and fundamental interactions in these theories can be CP conserving.}
}

@article{COHEN1988913,
    title = {Spontaneous baryogenesis},
    journal = {Nuclear Physics B},
    volume = {308},
    number = {4},
    pages = {913-928},
    year = {1988},
    issn = {0550-3213},
    doi = {https://doi.org/10.1016/0550-3213(88)90134-4},
    url = {https://www.sciencedirect.com/science/article/pii/0550321388901344},
    author = {Andrew G. Cohen and David B. Kaplan},
    abstract = {The recently discovered mechanism of “spontaneous baryogenesis” for generating the baryon asymmetry is implemented in several particle physics models. In these scenarios, baryon number is an approximate symmetry spontaneously broken at a scale |;. The baryon asymmetry is generated without CP violation. Furthermore, this can come about during an epoch when baryon violation is in thermal equilibrium. We consider how various observational constraints affect the realization of this mechanism in acceptable models of particle interactions, and find that the observed baryon asymmetry can be produced for |;≳ 3 × 1013 GeV.}
}
